
@misc{spn,
  note         = {Consulté le 02 Juillet 2022},
  title        = {Swiss Premium Negoce},
  howpublished = {\url{https://www.swisspremiumnegoce.com}}
}
@misc{sixt,
  note         = {Consulté le 02 Juillet 2022},
  title        = {Sixt Car hire},
  howpublished = {\url{https://www.sixt.com/}}
}
@misc{blacklane,
  note         = {Consulté le 02 Juillet 2022},
  title        = {Blacklane},
  howpublished = {\url{https://www.blacklane.com/}}
}
@misc{uber,
  note         = {Consulté le 02 Juillet 2022},
  title        = {Uber},
  howpublished = {\url{https://www.uber.com/}}
}
@misc{flutter,
  note         = {Consulté le 02 Juillet 2022},
  title        = {Flutter},
  howpublished = {\url{https://flutter.dev/}}
}
@misc{expressjs,
  note         = {Consulté le 02 Juillet 2022},
  title        = {ExpressJS},
  howpublished = {\url{https://expressjs.com/}}
}
@misc{mongodb,
  note         = {Consulté le 02 Juillet 2022},
  title        = {Mongodb},
  howpublished = {\url{https://www.mongodb.com/}}
}
@misc{firebase,
  note         = {Consulté le 02 Juillet 2022},
  title        = {Firebase},
  howpublished = {\url{https://firebase.google.com/}}
}
@misc{adobe_xd,
  note         = {Consulté le 02 Juillet 2022},
  title        = {Adobe XD},
  howpublished = {\url{https://www.adobe.com/products/xd.html}}
}
@misc{git,
  note         = {Consulté le 02 Juillet 2022},
  title        = {Git},
  howpublished = {\url{https://git-scm.com/}}
}
@misc{swagger,
  note         = {Consulté le 02 Juillet 2022},
  title        = {Swagger},
  howpublished = {\url{https://swagger.io/}}
}
@misc{cascade,
  note         = {Consulté le 02 Juillet 2022},
  title        = {Méthode en cascade},
  howpublished = {\url{https://blog-gestion-de-projet.com/modele-en-cascade/}}
}
@misc{vscode,
  note         = {Consulté le 02 Juillet 2022},
  title        = {Visual Studio Code},
  howpublished = {\url{https://code.visualstudio.com/}}
}
@misc{microsoft,
  note         = {Consulté le 02 Juillet 2022},
  title        = {Microsoft},
  howpublished = {\url{https://www.microsoft.com}}
}
@misc{jwt,
  note         = {Consulté le 02 Juillet 2022},
  title        = {JSON Web Token},
  howpublished = {\url{https://jwt.io/}}
}
@misc{postman,
  note         = {Consulté le 02 Juillet 2022},
  title        = {Postman},
  howpublished = {\url{https://www.postman.com/}}
}
@misc{postman_users,
  note         = {Consulté le 02 Juillet 2022},
  title        = {Postman atteint 20 million d'utilisaateurs},
  howpublished = {\url{https://venturebeat.com/2022/04/19/postman-api-platform-hits-20m-users-helps-drive-the-api-economy/}}
}
